<?xml version="1.0" encoding="UTF-8"?><collection xmlns="http://www.loc.gov/MARC21/slim"><record><leader>00400nam--2200145-i-4500</leader><controlfield tag="001">000008522</controlfield><controlfield tag="002">20161230</controlfield><controlfield tag="005">20161230201027</controlfield><controlfield tag="008">060222s1000------------r-----000-0-eng-d</controlfield><datafield ind1=" " ind2=" " tag="080"><subfield code="a">621.039.85:54.07</subfield></datafield><datafield ind1=" " ind2=" " tag="100"><subfield code="a">Catch, J.R</subfield></datafield><datafield ind1=" " ind2=" " tag="245"><subfield code="a">Purity and analysis of labelled compunds</subfield></datafield><datafield ind1=" " ind2=" " tag="260"><subfield code="a">Amersham, The Radiochemical Centre, 1968. 24 P</subfield></datafield><datafield ind1=" " ind2=" " tag="490"><subfield code="a">The Radiochemical Centre, Review</subfield></datafield><datafield ind1=" " ind2=" " tag="852"><subfield code="a">28595</subfield></datafield></record></collection>